<?xml version="1.0" ?>
<Document xmlns="urn:iso:std:iso:20022:tech:xsd:pain.001.001.09">
  <CstmrCdtTrfInitn>
    <GrpHdr>
      <MsgId>MSG-2026-02-14-001</MsgId>
      <CreDtTm>2026-02-14T13:13:42.205469</CreDtTm>
      <NbOfTxs>2</NbOfTxs>
      <CtrlSum>4000.00</CtrlSum>
      <InitgPty>
        <Nm>CLI User</Nm>
      </InitgPty>
    </GrpHdr>
    <PmtInf>
      <PmtInfId>BATCH-2026-02-14-001</PmtInfId>
      <PmtMtd>TRF</PmtMtd>
      <BtchBookg>true</BtchBookg>
      <NbOfTxs>2</NbOfTxs>
      <CtrlSum>4000.00</CtrlSum>
      <PmtTpInf>
        <SvcLvl>
          <Cd>SEPA</Cd>
        </SvcLvl>
      </PmtTpInf>
      <ReqdExctnDt>
        <Dt>2026-02-14</Dt>
      </ReqdExctnDt>
      <Dbtr>
        <Nm>Société ABC SARL</Nm>
      </Dbtr>
      <DbtrAcct>
        <Id>
          <IBAN>FR7630006000011234567890189</IBAN>
        </Id>
      </DbtrAcct>
      <DbtrAgt>
        <FinInstnId>
          <BICFI>BNPAFRPPXXX</BICFI>
        </FinInstnId>
      </DbtrAgt>
      <CdtTrfTxInf>
        <PmtId>
          <InstrId>INSTR-001</InstrId>
          <EndToEndId>b618a22d-d110-4a3e-ac07-f741bc25f1e</EndToEndId>
        </PmtId>
        <Amt>
          <InstdAmt Ccy="EUR">1500.00</InstdAmt>
        </Amt>
        <CdtrAgt>
          <FinInstnId>
            <BICFI>COBADEFFXXX</BICFI>
          </FinInstnId>
        </CdtrAgt>
        <Cdtr>
          <Nm>Fournisseur XYZ GmbH</Nm>
        </Cdtr>
        <CdtrAcct>
          <Id>
            <IBAN>DE89370400440532013000</IBAN>
          </Id>
        </CdtrAcct>
        <RmtInf>
          <Ustrd>Facture 2026-001 - Prestation de services</Ustrd>
        </RmtInf>
      </CdtTrfTxInf>
      <CdtTrfTxInf>
        <PmtId>
          <InstrId>INSTR-002</InstrId>
          <EndToEndId>b82a9931-cdad-45c5-af60-8194b79b484</EndToEndId>
        </PmtId>
        <Amt>
          <InstdAmt Ccy="EUR">2500.00</InstdAmt>
        </Amt>
        <CdtrAgt>
          <FinInstnId>
            <BICFI>WESTGB2LXXX</BICFI>
          </FinInstnId>
        </CdtrAgt>
        <Cdtr>
          <Nm>Partner Ltd</Nm>
        </Cdtr>
        <CdtrAcct>
          <Id>
            <IBAN>GB82WEST12345698765432</IBAN>
          </Id>
        </CdtrAcct>
        <RmtInf>
          <Ustrd>Invoice INV-2026-042</Ustrd>
        </RmtInf>
      </CdtTrfTxInf>
    </PmtInf>
  </CstmrCdtTrfInitn>
</Document>
